@book{Sauer2019,
  title = {{Moderne Datenanalyse mit R: Daten einlesen, aufbereiten, visualisieren, modellieren und kommunizieren}},
  shorttitle = {{Moderne Datenanalyse mit R}},
  author = {Sauer, Sebastian},
  year = {2019},
  publisher = {{Springer Fachmedien Wiesbaden}},
  address = {{Wiesbaden}},
  doi = {10.1007/978-3-658-21587-3},
  file = {/media/Daten/Chrissies Dateien/Literatur/Buecher/Moderne Datenanalyse mit R.pdf},
  isbn = {978-3-658-21586-6 978-3-658-21587-3},
  language = {de},
  series = {{FOM-Edition}}
}


@article{Ihaka1996,
  title = {R: {{A Language}} for {{Data Analysis}} and {{Graphics}}},
  shorttitle = {R},
  author = {Ihaka, Ross and Gentleman, Robert},
  year = {1996},
  month = sep,
  volume = {5},
  pages = {299--314},
  publisher = {{Taylor \& Francis}},
  issn = {1061-8600},
  doi = {10.1080/10618600.1996.10474713},
  abstract = {In this article we discuss our experience designing and implementing a statistical computing language. In developing this new language, we sought to combine what we felt were useful features from two existing computer languages. We feel that the new language provides advantages in the areas of portability, computational efficiency, memory management, and scoping.},
  file = {/media/Daten/Chrissies Dateien/Literatur/R/Ihaka1996.pdf},
  journal = {Journal of Computational and Graphical Statistics},
  number = {3}
}

@book{Ligges2008,
  title = {{Programmieren mit R}},
  author = {Ligges, Uwe},
  year = {2008},
  publisher = {{Springer Berlin Heidelberg}},
  address = {{Berlin, Heidelberg}},
  doi = {10.1007/978-3-540-79998-6},
  file = {/media/Daten/Chrissies Dateien/Literatur/Buecher/Programmieren mit R.pdf},
  isbn = {978-3-540-79997-9 978-3-540-79998-6},
  language = {de}
}



@book{Zuur2009a,
  title = {A Beginner's Guide to {{R}}},
  author = {Zuur, A. F. and Ieno, E. and Meesters, E.},
  year = {2009},
  publisher = {{Springer}},
  file = {/media/Daten/Chrissies Dateien/Literatur/Buecher/A BeginnerS Guide To R.pdf},
  owner = {Chris},
  timestamp = {2011.04.28}
}


@Book{Xie2016,
    title = {bookdown: Authoring Books and Technical Documents with {R} Markdown},
    author = {Yihui Xie},
    publisher = {Chapman and Hall/CRC},
    address = {Boca Raton, Florida},
    year = {2016},
    note = {ISBN 978-1138700109},
    url = {https://github.com/rstudio/bookdown},
  }

@Book{Xie2018,
    title = {R Markdown: The Definitive Guide},
    author = {Yihui Xie and J.J. Allaire and Garrett Grolemund},
    publisher = {Chapman and Hall/CRC},
    address = {Boca Raton, Florida},
    year = {2018},
    note = {ISBN 9781138359338},
    url = {https://bookdown.org/yihui/rmarkdown},
  }


@article{Knuth1984,
  title = {Literate {{Programming}}},
  author = {Knuth, D. E.},
  year = {1984},
  month = feb,
  volume = {27},
  pages = {97--111},
  issn = {0010-4620, 1460-2067},
  doi = {10.1093/comjnl/27.2.97},
  journal = {The Computer Journal},
  language = {en},
  number = {2}
}




